@Misc{KTZ,
	author = 	 {Igor Katin},
	title = 	 {ON DEVELOPMENT AND INVESTIGATION OF STOCK EXCHANGE MODEL},
	year = 	 2014,
	note = 	 {\newline \url{http://old.mii.lt/files/mii_dis_2014_katin.pdf/}},
	annote = 	 {III leidimas},
	howpublished = {Vilniaus universitetas. Matematikos ir informatikos institutas}}


